@article{newtonLaw,
	author = {Newton, Isaac},
	journal = {Philosophi√¶ Naturalis Principia Mathematica},
	title = {{Axioms or Laws of Motion}},
	year = {1687}
}